@book{holography,
  author    = {Gerhard K. {Acekermann} and Jürgen {Eichler}},
  publisher = {John Wiley \& Sons},
  title     = {Holography: A practical approach},
  year      = {2007}
}
@online{litiholo,
  author  = {{Liti Holography, Inc.}},
  title   = {Holographic Film},
  year    = {2023},
  url     = {https://litiholo.com/hologram-film.html},
  urldate = {2023-09-17}
}
@report{projekt,
  author = {Dominika {Brezinová}},
  title  = {Holografické metódy pre štúdium fázovej stability laseru},
  year   = {2021}
}
@online{system,
  title={how to switch a LM317 voltage regulator / LED on and off?},
  url={https://forum.arduino.cc/t/how-to-switch-a-lm317-voltage-regulator-led-on-and-off/99890/8},
  urldate={2023-09-16}
}
@online{maui,
  title={.NET Multi-platform App UI},
  author={Microsoft Corp},
  year={2023},
  url={https://dotnet.microsoft.com/en-us/apps/maui},
  urldate={2023-10-13}
}